<?xml version="1.0" encoding="UTF-8"?>
<record xmlns="http://www.loc.gov/MARC21/slim" xmlns:xsi="http://www.w3.org/2001/XMLSchema-instance" xsi:schemaLocation="http://www.loc.gov/MARC21/slim http://www.loc.gov/standards/marcxml/schema/MARC21slim.xsd">
<leader>     nam a2200193 a 4500</leader>
<controlfield tag="001">002774928</controlfield>
<controlfield tag="003">NNU</controlfield>
<controlfield tag="005">20020131124439.0</controlfield>
<controlfield tag="008">860804s1950    le a          000 1 ara d</controlfield>
<datafield tag="035" ind1="9" ind2=" ">
<subfield code="a">NYUb10477662</subfield>
</datafield>
<datafield tag="035" ind1=" " ind2=" ">
<subfield code="a">(CStRLIN)NYUG86-B27141</subfield>
</datafield>
<datafield tag="040" ind1=" " ind2=" ">
<subfield code="a">NNU</subfield>
<subfield code="c">NNU</subfield>
</datafield>
<datafield tag="090" ind1=" " ind2=" ">
<subfield code="i">01/31/02 T</subfield>
<subfield code="h">09/26/86 CT</subfield>
<subfield code="h">08/27/86 CT</subfield>
<subfield code="h">08/26/86 CT</subfield>
<subfield code="h">08/04/86 CT</subfield>
</datafield>
<datafield tag="100" ind1="1" ind2=" ">
<subfield code="a">Gibran, Kahlil,</subfield>
<subfield code="d">1883-1931.</subfield>
</datafield>
<datafield tag="245" ind1="1" ind2="3">
<subfield code="a">al-Mawākib /</subfield>
<subfield code="c">Jubrān Khalīl Jubrān.</subfield>
</datafield>
<datafield tag="260" ind1=" " ind2=" ">
<subfield code="a">Bayrūt :</subfield>
<subfield code="b">Maktabat Ṣādir,</subfield>
<subfield code="c">22 cm.</subfield>
</datafield>
<datafield tag="300" ind1=" " ind2=" ">
<subfield code="a">43 p. :</subfield>
<subfield code="b">ill. ;</subfield>
<subfield code="c">22 cm.</subfield>
</datafield>
<datafield tag="OWN" ind1=" " ind2=" ">
<subfield code="a">GENERAL</subfield>
</datafield>
<datafield tag="950" ind1=" " ind2=" ">
<subfield code="l">BMAIN</subfield>
<subfield code="a">PJ7826.I2</subfield>
<subfield code="b">M3 1950</subfield>
<subfield code="h">01/31/2002 N</subfield>
<subfield code="h">09/26/1986 C</subfield>
<subfield code="h">08/26/1986 C</subfield>
<subfield code="h">08/04/1986 C</subfield>
</datafield>
<datafield tag="955" ind1=" " ind2=" ">
<subfield code="l">BMAIN</subfield>
<subfield code="c">1</subfield>
<subfield code="r">031659595</subfield>
<subfield code="h">08/04/86 C</subfield>
</datafield>
<datafield tag="998" ind1=" " ind2=" ">
<subfield code="a">01/31/02</subfield>
<subfield code="t">c</subfield>
<subfield code="s">9114</subfield>
<subfield code="n">NNU</subfield>
<subfield code="w">NYUG86B27141</subfield>
<subfield code="d">01/31/02</subfield>
<subfield code="c">MG</subfield>
<subfield code="b">MUS</subfield>
<subfield code="i">020131</subfield>
<subfield code="h">860926</subfield>
<subfield code="h">860827</subfield>
<subfield code="h">860826</subfield>
<subfield code="h">860804</subfield>
<subfield code="l">NYUG</subfield>
</datafield>
<datafield tag="AVA" ind1=" " ind2=" ">
<subfield code="a">NYU50</subfield>
<subfield code="b">BOBST</subfield>
<subfield code="c">Main Collection</subfield>
<subfield code="d">PJ7826.I2 M3 1950</subfield>
<subfield code="e">unavailable</subfield>
<subfield code="t">Unavailable</subfield>
<subfield code="f">1</subfield>
<subfield code="g">1</subfield>
<subfield code="h">N</subfield>
<subfield code="i">0</subfield>
<subfield code="j">MAIN</subfield>
<subfield code="k">0</subfield>
</datafield>
</record>
